@article{dsa,
    title = {FIPS PUB 186: Digital Signature Standard (DSS)},
    year = {1994},
    journal = {Federal Information Processing Standards Publication 186},
}

@article{ecdsa,
    title = {The Elliptic Curve Digital Signature Algorithm (ECDSA)},
    year = {2001},
    author = {Johnson, D. and Menezes, A. and Vanstone, S.},
    journal = {International Journal of Information Security},
}

@article{gost10-94,
    title = {ГОСТ Р 34.10-94 Информационная технология. Криптографическая защита информации. Процедуры выработки и проверки электронной цифровой подписи на базе асимметричного криптографического алгоритма},
    year = {1994},
}

@article{gost11-94,
    title = {ГОСТ Р 34.11—94 Информационная технология. Криптографическая защита информации. Функция хэширования},
    year = {1994},
}

@article{gost10-2018,
    title = {ГОСТ 34.10-2018 Информационная технология. Криптографическая защита информации. Процессы формирования и проверки электронной цифровой подписи},
    year = {2018},
}

@article{gost11-2018,
    title = {ГОСТ 34.11—2018 Информационная технология. Криптографическая защита информации. Функция хэширования},
    year = {2018},
}

@article{schnorr,
    title = {Efficient signature generation by smart cards},
    year = {1991},
    author = {Schnorr, C.P.},
    journal = {Cryptology 4, 161–174},
}

@article{crystals,
    title = {CRYSTALS-Dilithium: A Lattice-Based Digital Signature Scheme},
    year = {2018},
    author = {Ducas, L. and Kiltz, E. and Lepoint, T. and Lyubashevsky, V. and Schwabe, P. and Seiler, G. and & Stehlé, D.},
    journal = {IACR Transactions on Cryptographic Hardware and Embedded Systems, 238–268},
}

@article{merkle,
    title = {Secrecy, authentication, and public key systems},
    year = {1979},
    author = {Merkle, Ralph Charles},
}

@article{lamport,
    title = {On the Efficiency of the Lamport Signature Scheme},
    year = {2020},
    author = {Daniel Zentai},
    journal = {Land Forces Academy Review},
    volume={25},
    pages={275 - 280},
}

@article{lamport1,
    title = {“Oops, I did it again” – Security of One-Time
Signatures under Two-Message Attacks},
    year = {2017},
    author = {Groot Bruinderink, L. and Hülsing, A.},
    journal = {Selected Areas in Cryptography – SAC 2017. SAC 2017. Lecture Notes in Computer Science(), vol 10719},
}

@article{merkle1,
    title = {On the security and the efficiency of the Merkle signature scheme},
    year = {2005},
    author = {Carlos Coronado},
    journal = {IACR Cryptol. ePrint Arch.},
    volume = {2005},
    pages = {192},
}

@article{merkle2,
    title = {Fast Hash-Based Signatures on Constrained Devices},
    year = {2008},
    author = {Rohde, S. and Eisenbarth, T. and Dahmen, E. and Buchmann, J. and Paar, C.},
    journal = {Smart Card Research and Advanced Applications. CARDIS 2008. Lecture Notes in Computer Science, vol 5189},
}

@article{fiat-shamir,
    title = {How To Prove Yourself: Practical Solutions to Identification and Signature Problems},
    year = {1987},
    author = {Fiat, A. and Shamir, A.},
    journal = {Advances in Cryptology — CRYPTO’ 86. CRYPTO 1986. Lecture Notes in Computer Science, vol 263},
}

@article{cfs,
    title = {How to Achieve a McEliece-Based Digital Signature Scheme},
    year = {2001},
    author = {Courtois, N.T. and Finiasz, M. and Sendrier, N.},
    journal = {Advances in Cryptology — ASIACRYPT 2001. ASIACRYPT 2001. Lecture Notes in Computer Science, vol 2248},
}